%YAML 1.1
%TAG !u! tag:unity3d.com,2011:
--- !u!1 &146316
GameObject:
  m_ObjectHideFlags: 0
  m_PrefabParentObject: {fileID: 0}
  m_PrefabInternal: {fileID: 100100000}
  serializedVersion: 4
  m_Component:
  - 4: {fileID: 446316}
  - 33: {fileID: 3346352}
  - 23: {fileID: 2346352}
  m_Layer: 13
  m_Name: Nossle
  m_TagString: Untagged
  m_Icon: {fileID: 0}
  m_NavMeshLayer: 0
  m_StaticEditorFlags: 0
  m_IsActive: 1
--- !u!1 &146318
GameObject:
  m_ObjectHideFlags: 0
  m_PrefabParentObject: {fileID: 0}
  m_PrefabInternal: {fileID: 100100000}
  serializedVersion: 4
  m_Component:
  - 4: {fileID: 446318}
  - 95: {fileID: 9546352}
  - 114: {fileID: 11446352}
  - 54: {fileID: 5446352}
  - 82: {fileID: 8246352}
  - 136: {fileID: 13621296}
  m_Layer: 0
  m_Name: Player
  m_TagString: Player
  m_Icon: {fileID: 0}
  m_NavMeshLayer: 0
  m_StaticEditorFlags: 0
  m_IsActive: 1
--- !u!1 &146320
GameObject:
  m_ObjectHideFlags: 0
  m_PrefabParentObject: {fileID: 0}
  m_PrefabInternal: {fileID: 100100000}
  serializedVersion: 4
  m_Component:
  - 4: {fileID: 446320}
  m_Layer: 0
  m_Name: Bone001
  m_TagString: Untagged
  m_Icon: {fileID: 0}
  m_NavMeshLayer: 0
  m_StaticEditorFlags: 0
  m_IsActive: 1
--- !u!1 &146322
GameObject:
  m_ObjectHideFlags: 0
  m_PrefabParentObject: {fileID: 0}
  m_PrefabInternal: {fileID: 100100000}
  serializedVersion: 4
  m_Component:
  - 4: {fileID: 446322}
  - 137: {fileID: 13746352}
  m_Layer: 0
  m_Name: Human_Man
  m_TagString: Untagged
  m_Icon: {fileID: 0}
  m_NavMeshLayer: 0
  m_StaticEditorFlags: 0
  m_IsActive: 1
--- !u!1 &146324
GameObject:
  m_ObjectHideFlags: 1
  m_PrefabParentObject: {fileID: 0}
  m_PrefabInternal: {fileID: 100100000}
  serializedVersion: 4
  m_Component:
  - 4: {fileID: 446324}
  m_Layer: 0
  m_Name: Bone001 L Thigh
  m_TagString: Untagged
  m_Icon: {fileID: 0}
  m_NavMeshLayer: 0
  m_StaticEditorFlags: 0
  m_IsActive: 1
--- !u!1 &146326
GameObject:
  m_ObjectHideFlags: 1
  m_PrefabParentObject: {fileID: 0}
  m_PrefabInternal: {fileID: 100100000}
  serializedVersion: 4
  m_Component:
  - 4: {fileID: 446330}
  m_Layer: 0
  m_Name: Bone001 L Calf
  m_TagString: Untagged
  m_Icon: {fileID: 0}
  m_NavMeshLayer: 0
  m_StaticEditorFlags: 0
  m_IsActive: 1
--- !u!1 &146328
GameObject:
  m_ObjectHideFlags: 1
  m_PrefabParentObject: {fileID: 0}
  m_PrefabInternal: {fileID: 100100000}
  serializedVersion: 4
  m_Component:
  - 4: {fileID: 446332}
  m_Layer: 0
  m_Name: Bone001 L Foot
  m_TagString: Untagged
  m_Icon: {fileID: 0}
  m_NavMeshLayer: 0
  m_StaticEditorFlags: 0
  m_IsActive: 1
--- !u!1 &146330
GameObject:
  m_ObjectHideFlags: 1
  m_PrefabParentObject: {fileID: 0}
  m_PrefabInternal: {fileID: 100100000}
  serializedVersion: 4
  m_Component:
  - 4: {fileID: 446326}
  m_Layer: 0
  m_Name: Bone001 R Thigh
  m_TagString: Untagged
  m_Icon: {fileID: 0}
  m_NavMeshLayer: 0
  m_StaticEditorFlags: 0
  m_IsActive: 1
--- !u!1 &146332
GameObject:
  m_ObjectHideFlags: 1
  m_PrefabParentObject: {fileID: 0}
  m_PrefabInternal: {fileID: 100100000}
  serializedVersion: 4
  m_Component:
  - 4: {fileID: 446334}
  m_Layer: 0
  m_Name: Bone001 R Calf
  m_TagString: Untagged
  m_Icon: {fileID: 0}
  m_NavMeshLayer: 0
  m_StaticEditorFlags: 0
  m_IsActive: 1
--- !u!1 &146334
GameObject:
  m_ObjectHideFlags: 1
  m_PrefabParentObject: {fileID: 0}
  m_PrefabInternal: {fileID: 100100000}
  serializedVersion: 4
  m_Component:
  - 4: {fileID: 446336}
  m_Layer: 0
  m_Name: Bone001 R Foot
  m_TagString: Untagged
  m_Icon: {fileID: 0}
  m_NavMeshLayer: 0
  m_StaticEditorFlags: 0
  m_IsActive: 1
--- !u!1 &146336
GameObject:
  m_ObjectHideFlags: 1
  m_PrefabParentObject: {fileID: 0}
  m_PrefabInternal: {fileID: 100100000}
  serializedVersion: 4
  m_Component:
  - 4: {fileID: 446328}
  m_Layer: 0
  m_Name: Bone001 Spine
  m_TagString: Untagged
  m_Icon: {fileID: 0}
  m_NavMeshLayer: 0
  m_StaticEditorFlags: 0
  m_IsActive: 1
--- !u!1 &146338
GameObject:
  m_ObjectHideFlags: 1
  m_PrefabParentObject: {fileID: 0}
  m_PrefabInternal: {fileID: 100100000}
  serializedVersion: 4
  m_Component:
  - 4: {fileID: 446338}
  m_Layer: 0
  m_Name: Bone001 Spine1
  m_TagString: Untagged
  m_Icon: {fileID: 0}
  m_NavMeshLayer: 0
  m_StaticEditorFlags: 0
  m_IsActive: 1
--- !u!1 &146340
GameObject:
  m_ObjectHideFlags: 1
  m_PrefabParentObject: {fileID: 0}
  m_PrefabInternal: {fileID: 100100000}
  serializedVersion: 4
  m_Component:
  - 4: {fileID: 446340}
  m_Layer: 0
  m_Name: Bone001 Head
  m_TagString: Untagged
  m_Icon: {fileID: 0}
  m_NavMeshLayer: 0
  m_StaticEditorFlags: 0
  m_IsActive: 1
--- !u!1 &146342
GameObject:
  m_ObjectHideFlags: 1
  m_PrefabParentObject: {fileID: 0}
  m_PrefabInternal: {fileID: 100100000}
  serializedVersion: 4
  m_Component:
  - 4: {fileID: 446342}
  m_Layer: 0
  m_Name: Bone001 L UpperArm
  m_TagString: Untagged
  m_Icon: {fileID: 0}
  m_NavMeshLayer: 0
  m_StaticEditorFlags: 0
  m_IsActive: 1
--- !u!1 &146344
GameObject:
  m_ObjectHideFlags: 1
  m_PrefabParentObject: {fileID: 0}
  m_PrefabInternal: {fileID: 100100000}
  serializedVersion: 4
  m_Component:
  - 4: {fileID: 446346}
  m_Layer: 0
  m_Name: Bone001 L Forearm
  m_TagString: Untagged
  m_Icon: {fileID: 0}
  m_NavMeshLayer: 0
  m_StaticEditorFlags: 0
  m_IsActive: 1
--- !u!1 &146346
GameObject:
  m_ObjectHideFlags: 1
  m_PrefabParentObject: {fileID: 0}
  m_PrefabInternal: {fileID: 100100000}
  serializedVersion: 4
  m_Component:
  - 4: {fileID: 446348}
  m_Layer: 0
  m_Name: Bone001 L Hand
  m_TagString: Untagged
  m_Icon: {fileID: 0}
  m_NavMeshLayer: 0
  m_StaticEditorFlags: 0
  m_IsActive: 1
--- !u!1 &146348
GameObject:
  m_ObjectHideFlags: 1
  m_PrefabParentObject: {fileID: 0}
  m_PrefabInternal: {fileID: 100100000}
  serializedVersion: 4
  m_Component:
  - 4: {fileID: 446344}
  m_Layer: 0
  m_Name: Bone001 R UpperArm
  m_TagString: Untagged
  m_Icon: {fileID: 0}
  m_NavMeshLayer: 0
  m_StaticEditorFlags: 0
  m_IsActive: 1
--- !u!1 &146350
GameObject:
  m_ObjectHideFlags: 1
  m_PrefabParentObject: {fileID: 0}
  m_PrefabInternal: {fileID: 100100000}
  serializedVersion: 4
  m_Component:
  - 4: {fileID: 446350}
  m_Layer: 0
  m_Name: Bone001 R Forearm
  m_TagString: Untagged
  m_Icon: {fileID: 0}
  m_NavMeshLayer: 0
  m_StaticEditorFlags: 0
  m_IsActive: 1
--- !u!1 &146352
GameObject:
  m_ObjectHideFlags: 1
  m_PrefabParentObject: {fileID: 0}
  m_PrefabInternal: {fileID: 100100000}
  serializedVersion: 4
  m_Component:
  - 4: {fileID: 446352}
  m_Layer: 0
  m_Name: Bone001 R Hand
  m_TagString: Untagged
  m_Icon: {fileID: 0}
  m_NavMeshLayer: 0
  m_StaticEditorFlags: 0
  m_IsActive: 1
--- !u!4 &446316
Transform:
  m_ObjectHideFlags: 1
  m_PrefabParentObject: {fileID: 0}
  m_PrefabInternal: {fileID: 100100000}
  m_GameObject: {fileID: 146316}
  m_LocalRotation: {x: 0, y: 0, z: 0, w: 1}
  m_LocalPosition: {x: 0, y: 1.08599997, z: .976000011}
  m_LocalScale: {x: .0803999379, y: .080399923, z: .080399923}
  m_Children: []
  m_Father: {fileID: 446318}
  m_RootOrder: 2
--- !u!4 &446318
Transform:
  m_ObjectHideFlags: 1
  m_PrefabParentObject: {fileID: 0}
  m_PrefabInternal: {fileID: 100100000}
  m_GameObject: {fileID: 146318}
  m_LocalRotation: {x: 0, y: 0, z: 0, w: 1}
  m_LocalPosition: {x: 0, y: 0, z: 0}
  m_LocalScale: {x: 1.20000005, y: 1.20000005, z: 1.20000005}
  m_Children:
  - {fileID: 446320}
  - {fileID: 446322}
  - {fileID: 446316}
  m_Father: {fileID: 0}
  m_RootOrder: 0
--- !u!4 &446320
Transform:
  m_ObjectHideFlags: 1
  m_PrefabParentObject: {fileID: 0}
  m_PrefabInternal: {fileID: 100100000}
  m_GameObject: {fileID: 146320}
  m_LocalRotation: {x: -.5, y: .5, z: .5, w: .5}
  m_LocalPosition: {x: 2.38418552e-09, y: .870588183, z: .00696105929}
  m_LocalScale: {x: .999999881, y: .999999881, z: 1}
  m_Children:
  - {fileID: 446324}
  - {fileID: 446326}
  - {fileID: 446328}
  m_Father: {fileID: 446318}
  m_RootOrder: 0
--- !u!4 &446322
Transform:
  m_ObjectHideFlags: 1
  m_PrefabParentObject: {fileID: 0}
  m_PrefabInternal: {fileID: 100100000}
  m_GameObject: {fileID: 146322}
  m_LocalRotation: {x: -.707106829, y: 0, z: -0, w: .707106829}
  m_LocalPosition: {x: 0, y: 0, z: 0}
  m_LocalScale: {x: 1, y: 1, z: 1}
  m_Children: []
  m_Father: {fileID: 446318}
  m_RootOrder: 1
--- !u!4 &446324
Transform:
  m_ObjectHideFlags: 1
  m_PrefabParentObject: {fileID: 0}
  m_PrefabInternal: {fileID: 100100000}
  m_GameObject: {fileID: 146324}
  m_LocalRotation: {x: -.469489723, y: .546207726, z: -.484830856, w: -.496160805}
  m_LocalPosition: {x: -3.51667389e-08, y: .106043182, z: 0}
  m_LocalScale: {x: 1, y: 1.00000036, z: 1.00000024}
  m_Children:
  - {fileID: 446330}
  m_Father: {fileID: 446320}
  m_RootOrder: 0
--- !u!4 &446326
Transform:
  m_ObjectHideFlags: 1
  m_PrefabParentObject: {fileID: 0}
  m_PrefabInternal: {fileID: 100100000}
  m_GameObject: {fileID: 146330}
  m_LocalRotation: {x: .496160626, y: -.484831005, z: .546207666, w: .469489872}
  m_LocalPosition: {x: -3.81469718e-08, y: -.106043257, z: 0}
  m_LocalScale: {x: 1, y: 1.00000036, z: 1.00000024}
  m_Children:
  - {fileID: 446334}
  m_Father: {fileID: 446320}
  m_RootOrder: 1
--- !u!4 &446328
Transform:
  m_ObjectHideFlags: 1
  m_PrefabParentObject: {fileID: 0}
  m_PrefabInternal: {fileID: 100100000}
  m_GameObject: {fileID: 146336}
  m_LocalRotation: {x: .500037909, y: -.499962121, z: -.500037909, w: -.499962121}
  m_LocalPosition: {x: .00363360136, y: -6.91726427e-08, z: .148459926}
  m_LocalScale: {x: 1, y: 1.00000012, z: 1}
  m_Children:
  - {fileID: 446338}
  m_Father: {fileID: 446320}
  m_RootOrder: 2
--- !u!4 &446330
Transform:
  m_ObjectHideFlags: 1
  m_PrefabParentObject: {fileID: 0}
  m_PrefabInternal: {fileID: 100100000}
  m_GameObject: {fileID: 146326}
  m_LocalRotation: {x: 3.66975001e-08, y: -4.2817998e-08, z: .000622559397, w: .999999821}
  m_LocalPosition: {x: -.388684154, y: -1.90734859e-08, z: -1.7166137e-07}
  m_LocalScale: {x: 1.00000012, y: .999999762, z: .999999881}
  m_Children:
  - {fileID: 446332}
  m_Father: {fileID: 446324}
  m_RootOrder: 0
--- !u!4 &446332
Transform:
  m_ObjectHideFlags: 1
  m_PrefabParentObject: {fileID: 0}
  m_PrefabInternal: {fileID: 100100000}
  m_GameObject: {fileID: 146328}
  m_LocalRotation: {x: -.0257120058, y: .0196072869, z: -.0320260637, w: .998963892}
  m_LocalPosition: {x: -.392155796, y: -2.38418574e-09, z: 6.67572024e-08}
  m_LocalScale: {x: 1.00000012, y: 1.00000036, z: 1}
  m_Children: []
  m_Father: {fileID: 446330}
  m_RootOrder: 0
--- !u!4 &446334
Transform:
  m_ObjectHideFlags: 1
  m_PrefabParentObject: {fileID: 0}
  m_PrefabInternal: {fileID: 100100000}
  m_GameObject: {fileID: 146332}
  m_LocalRotation: {x: 7.18727392e-07, y: 3.39750379e-08, z: .000622518419, w: .999999821}
  m_LocalPosition: {x: -.388684154, y: -1.43051144e-08, z: -4.7683713e-08}
  m_LocalScale: {x: 1.00000012, y: .999999702, z: .99999994}
  m_Children:
  - {fileID: 446336}
  m_Father: {fileID: 446326}
  m_RootOrder: 0
--- !u!4 &446336
Transform:
  m_ObjectHideFlags: 1
  m_PrefabParentObject: {fileID: 0}
  m_PrefabInternal: {fileID: 100100000}
  m_GameObject: {fileID: 146334}
  m_LocalRotation: {x: .0257117245, y: -.0196073055, z: -.0320257545, w: .998963892}
  m_LocalPosition: {x: -.392155915, y: 0, z: 6.67572024e-08}
  m_LocalScale: {x: 1, y: 1, z: .999999881}
  m_Children: []
  m_Father: {fileID: 446334}
  m_RootOrder: 0
--- !u!4 &446338
Transform:
  m_ObjectHideFlags: 1
  m_PrefabParentObject: {fileID: 0}
  m_PrefabInternal: {fileID: 100100000}
  m_GameObject: {fileID: 146338}
  m_LocalRotation: {x: 1.87663687e-07, y: -.000274759368, z: .000679452089, w: .999999762}
  m_LocalPosition: {x: -.223717645, y: -.000175515263, z: 3.06703146e-06}
  m_LocalScale: {x: .99999994, y: .999999762, z: 1.00000012}
  m_Children:
  - {fileID: 446340}
  - {fileID: 446342}
  - {fileID: 446344}
  m_Father: {fileID: 446328}
  m_RootOrder: 0
--- !u!4 &446340
Transform:
  m_ObjectHideFlags: 1
  m_PrefabParentObject: {fileID: 0}
  m_PrefabInternal: {fileID: 100100000}
  m_GameObject: {fileID: 146340}
  m_LocalRotation: {x: 6.38318816e-05, y: .000284260896, z: -.0374353342, w: .999299049}
  m_LocalPosition: {x: -.304986328, y: -.0196560025, z: .000169057472}
  m_LocalScale: {x: 1.00000012, y: 1.00000012, z: .999999821}
  m_Children: []
  m_Father: {fileID: 446338}
  m_RootOrder: 0
--- !u!4 &446342
Transform:
  m_ObjectHideFlags: 1
  m_PrefabParentObject: {fileID: 0}
  m_PrefabInternal: {fileID: 100100000}
  m_GameObject: {fileID: 146342}
  m_LocalRotation: {x: -.260020375, y: .0205181614, z: .96510005, w: .0234594811}
  m_LocalPosition: {x: -.178547278, y: -.0303105675, z: .218947589}
  m_LocalScale: {x: 1, y: 1.00000048, z: .99999994}
  m_Children:
  - {fileID: 446346}
  m_Father: {fileID: 446338}
  m_RootOrder: 1
--- !u!4 &446344
Transform:
  m_ObjectHideFlags: 1
  m_PrefabParentObject: {fileID: 0}
  m_PrefabInternal: {fileID: 100100000}
  m_GameObject: {fileID: 146348}
  m_LocalRotation: {x: .260567427, y: -.0206511784, z: .964950323, w: .0234316699}
  m_LocalPosition: {x: -.178793862, y: -.0302442256, z: -.218755469}
  m_LocalScale: {x: 1.00000024, y: 1.00000024, z: .99999994}
  m_Children:
  - {fileID: 446350}
  m_Father: {fileID: 446338}
  m_RootOrder: 2
--- !u!4 &446346
Transform:
  m_ObjectHideFlags: 1
  m_PrefabParentObject: {fileID: 0}
  m_PrefabInternal: {fileID: 100100000}
  m_GameObject: {fileID: 146344}
  m_LocalRotation: {x: 6.55935484e-09, y: 3.1145678e-08, z: .150626183, w: .988590777}
  m_LocalPosition: {x: -.315873712, y: 5.72204577e-08, z: 3.05175774e-07}
  m_LocalScale: {x: 1.00000012, y: .999999821, z: 1.00000024}
  m_Children:
  - {fileID: 446348}
  m_Father: {fileID: 446342}
  m_RootOrder: 0
--- !u!4 &446348
Transform:
  m_ObjectHideFlags: 1
  m_PrefabParentObject: {fileID: 0}
  m_PrefabInternal: {fileID: 100100000}
  m_GameObject: {fileID: 146346}
  m_LocalRotation: {x: -.843177497, y: -2.51286547e-08, z: 1.60227884e-08, w: .537635386}
  m_LocalPosition: {x: -.26911822, y: 4.7683713e-08, z: -7.62939436e-08}
  m_LocalScale: {x: .999999762, y: .999999821, z: .999999821}
  m_Children: []
  m_Father: {fileID: 446346}
  m_RootOrder: 0
--- !u!4 &446350
Transform:
  m_ObjectHideFlags: 1
  m_PrefabParentObject: {fileID: 0}
  m_PrefabInternal: {fileID: 100100000}
  m_GameObject: {fileID: 146350}
  m_LocalRotation: {x: -9.43142027e-08, y: 7.02977343e-10, z: .150626376, w: .988590777}
  m_LocalPosition: {x: -.315873802, y: -2.86102289e-08, z: -2.28881831e-07}
  m_LocalScale: {x: .999999881, y: 1, z: .99999994}
  m_Children:
  - {fileID: 446352}
  m_Father: {fileID: 446344}
  m_RootOrder: 0
--- !u!4 &446352
Transform:
  m_ObjectHideFlags: 1
  m_PrefabParentObject: {fileID: 0}
  m_PrefabInternal: {fileID: 100100000}
  m_GameObject: {fileID: 146352}
  m_LocalRotation: {x: .843177497, y: -1.14698473e-08, z: 4.57043683e-08, w: .537635267}
  m_LocalPosition: {x: -.269118339, y: -1.90734859e-08, z: 0}
  m_LocalScale: {x: .999999881, y: 1, z: .99999994}
  m_Children: []
  m_Father: {fileID: 446350}
  m_RootOrder: 0
--- !u!23 &2346352
Renderer:
  m_ObjectHideFlags: 1
  m_PrefabParentObject: {fileID: 0}
  m_PrefabInternal: {fileID: 100100000}
  m_GameObject: {fileID: 146316}
  m_Enabled: 1
  m_CastShadows: 1
  m_ReceiveShadows: 1
  m_LightmapIndex: 255
  m_LightmapTilingOffset: {x: 1, y: 1, z: 0, w: 0}
  m_Materials:
  - {fileID: 10302, guid: 0000000000000000f000000000000000, type: 0}
  m_SubsetIndices: 
  m_StaticBatchRoot: {fileID: 0}
  m_UseLightProbes: 0
  m_LightProbeAnchor: {fileID: 0}
  m_ScaleInLightmap: 1
  m_SortingLayerID: 0
  m_SortingOrder: 0
--- !u!33 &3346352
MeshFilter:
  m_ObjectHideFlags: 1
  m_PrefabParentObject: {fileID: 0}
  m_PrefabInternal: {fileID: 100100000}
  m_GameObject: {fileID: 146316}
  m_Mesh: {fileID: 10202, guid: 0000000000000000e000000000000000, type: 0}
--- !u!54 &5446352
Rigidbody:
  m_ObjectHideFlags: 1
  m_PrefabParentObject: {fileID: 0}
  m_PrefabInternal: {fileID: 100100000}
  m_GameObject: {fileID: 146318}
  serializedVersion: 2
  m_Mass: 1
  m_Drag: 0
  m_AngularDrag: .0500000007
  m_UseGravity: 1
  m_IsKinematic: 0
  m_Interpolate: 0
  m_Constraints: 84
  m_CollisionDetection: 0
--- !u!82 &8246352
AudioSource:
  m_ObjectHideFlags: 1
  m_PrefabParentObject: {fileID: 0}
  m_PrefabInternal: {fileID: 100100000}
  m_GameObject: {fileID: 146318}
  m_Enabled: 1
  serializedVersion: 3
  m_audioClip: {fileID: 8300000, guid: 437026d7218987149b0189804b357891, type: 3}
  m_PlayOnAwake: 0
  m_Volume: 1
  m_Pitch: 1
  Loop: 0
  Mute: 0
  Priority: 128
  DopplerLevel: 1
  MinDistance: 1
  MaxDistance: 69.2086792
  Pan2D: 0
  rolloffMode: 0
  BypassEffects: 0
  BypassListenerEffects: 0
  BypassReverbZones: 0
  rolloffCustomCurve:
    serializedVersion: 2
    m_Curve:
    - time: 0
      value: 1
      inSlope: 0
      outSlope: 0
      tangentMode: 0
    - time: 1
      value: 0
      inSlope: 0
      outSlope: 0
      tangentMode: 0
    m_PreInfinity: 2
    m_PostInfinity: 2
  panLevelCustomCurve:
    serializedVersion: 2
    m_Curve:
    - time: 0
      value: 1
      inSlope: 0
      outSlope: 0
      tangentMode: 0
    m_PreInfinity: 2
    m_PostInfinity: 2
  spreadCustomCurve:
    serializedVersion: 2
    m_Curve:
    - time: 0
      value: 0
      inSlope: 0
      outSlope: 0
      tangentMode: 0
    m_PreInfinity: 2
    m_PostInfinity: 2
--- !u!95 &9546352
Animator:
  serializedVersion: 3
  m_ObjectHideFlags: 1
  m_PrefabParentObject: {fileID: 0}
  m_PrefabInternal: {fileID: 100100000}
  m_GameObject: {fileID: 146318}
  m_Enabled: 1
  m_Avatar: {fileID: 9000000, guid: bd81f664728f86a4eb8466216ae12dee, type: 3}
  m_Controller: {fileID: 9100000, guid: 6c57059c1b85ba94089e30085e0ac7ee, type: 2}
  m_CullingMode: 1
  m_UpdateMode: 0
  m_ApplyRootMotion: 1
  m_HasTransformHierarchy: 1
  m_AllowConstantClipSamplingOptimization: 1
--- !u!114 &11446352
MonoBehaviour:
  m_ObjectHideFlags: 1
  m_PrefabParentObject: {fileID: 0}
  m_PrefabInternal: {fileID: 100100000}
  m_GameObject: {fileID: 146318}
  m_Enabled: 1
  m_EditorHideFlags: 0
  m_Script: {fileID: 11500000, guid: 9af39a483baa1cc47a3bd668fab9f132, type: 3}
  m_Name: 
  m_EditorClassIdentifier: 
  bullets:
  - {fileID: 100612, guid: 679c512e46eb7ba46ac76f7170b2c5dd, type: 2}
  nosslePosition: {fileID: 146316}
  movementSpeed: 10
  health: 10
--- !u!136 &13621296
CapsuleCollider:
  m_ObjectHideFlags: 1
  m_PrefabParentObject: {fileID: 0}
  m_PrefabInternal: {fileID: 100100000}
  m_GameObject: {fileID: 146318}
  m_Material: {fileID: 0}
  m_IsTrigger: 0
  m_Enabled: 1
  m_Radius: .5
  m_Height: 1
  m_Direction: 1
  m_Center: {x: 0, y: 0, z: 0}
--- !u!137 &13746352
SkinnedMeshRenderer:
  m_ObjectHideFlags: 1
  m_PrefabParentObject: {fileID: 0}
  m_PrefabInternal: {fileID: 100100000}
  m_GameObject: {fileID: 146322}
  m_Enabled: 1
  m_CastShadows: 1
  m_ReceiveShadows: 1
  m_LightmapIndex: 255
  m_LightmapTilingOffset: {x: 1, y: 1, z: 0, w: 0}
  m_Materials:
  - {fileID: 2100000, guid: 7cdb47db84712f74ca486ba7ae151d91, type: 2}
  m_SubsetIndices: 
  m_StaticBatchRoot: {fileID: 0}
  m_UseLightProbes: 0
  m_LightProbeAnchor: {fileID: 0}
  m_ScaleInLightmap: 1
  m_SortingLayerID: 0
  m_SortingOrder: 0
  serializedVersion: 2
  m_Quality: 0
  m_UpdateWhenOffscreen: 0
  m_Mesh: {fileID: 4300000, guid: bd81f664728f86a4eb8466216ae12dee, type: 3}
  m_Bones:
  - {fileID: 446338}
  - {fileID: 446340}
  - {fileID: 446328}
  - {fileID: 446342}
  - {fileID: 446346}
  - {fileID: 446348}
  - {fileID: 446320}
  - {fileID: 446324}
  - {fileID: 446326}
  - {fileID: 446330}
  - {fileID: 446332}
  - {fileID: 446344}
  - {fileID: 446350}
  - {fileID: 446352}
  - {fileID: 446334}
  - {fileID: 446336}
  m_BlendShapeWeights: []
  m_RootBone: {fileID: 446320}
  m_AABB:
    m_Center: {x: .0120517164, y: -3.54647636e-06, z: .0380194783}
    m_Extent: {x: .189527526, y: .658170342, z: .908607125}
  m_DirtyAABB: 0
--- !u!1001 &100100000
Prefab:
  m_ObjectHideFlags: 1
  serializedVersion: 2
  m_Modification:
    m_TransformParent: {fileID: 0}
    m_Modifications: []
    m_RemovedComponents: []
  m_ParentPrefab: {fileID: 0}
  m_RootGameObject: {fileID: 146318}
  m_IsPrefabParent: 1
  m_IsExploded: 1
