%YAML 1.1
%TAG !u! tag:unity3d.com,2011:
--- !u!1 &170910
GameObject:
  m_ObjectHideFlags: 0
  m_PrefabParentObject: {fileID: 0}
  m_PrefabInternal: {fileID: 100100000}
  serializedVersion: 4
  m_Component:
  - 4: {fileID: 470910}
  - 95: {fileID: 9570958}
  m_Layer: 0
  m_Name: Skeleton
  m_TagString: Untagged
  m_Icon: {fileID: 0}
  m_NavMeshLayer: 0
  m_StaticEditorFlags: 0
  m_IsActive: 1
--- !u!1 &170912
GameObject:
  m_ObjectHideFlags: 1
  m_PrefabParentObject: {fileID: 0}
  m_PrefabInternal: {fileID: 100100000}
  serializedVersion: 4
  m_Component:
  - 4: {fileID: 470912}
  m_Layer: 0
  m_Name: Bip001 R Calf
  m_TagString: Untagged
  m_Icon: {fileID: 0}
  m_NavMeshLayer: 0
  m_StaticEditorFlags: 0
  m_IsActive: 1
--- !u!1 &170914
GameObject:
  m_ObjectHideFlags: 1
  m_PrefabParentObject: {fileID: 0}
  m_PrefabInternal: {fileID: 100100000}
  serializedVersion: 4
  m_Component:
  - 4: {fileID: 470914}
  m_Layer: 0
  m_Name: Bip001 R Foot
  m_TagString: Untagged
  m_Icon: {fileID: 0}
  m_NavMeshLayer: 0
  m_StaticEditorFlags: 0
  m_IsActive: 1
--- !u!1 &170916
GameObject:
  m_ObjectHideFlags: 1
  m_PrefabParentObject: {fileID: 0}
  m_PrefabInternal: {fileID: 100100000}
  serializedVersion: 4
  m_Component:
  - 4: {fileID: 470916}
  m_Layer: 0
  m_Name: Bip001 R Hand
  m_TagString: Untagged
  m_Icon: {fileID: 0}
  m_NavMeshLayer: 0
  m_StaticEditorFlags: 0
  m_IsActive: 1
--- !u!1 &170918
GameObject:
  m_ObjectHideFlags: 1
  m_PrefabParentObject: {fileID: 0}
  m_PrefabInternal: {fileID: 100100000}
  serializedVersion: 4
  m_Component:
  - 4: {fileID: 470918}
  m_Layer: 0
  m_Name: Bip001 L Toe0
  m_TagString: Untagged
  m_Icon: {fileID: 0}
  m_NavMeshLayer: 0
  m_StaticEditorFlags: 0
  m_IsActive: 1
--- !u!1 &170920
GameObject:
  m_ObjectHideFlags: 1
  m_PrefabParentObject: {fileID: 0}
  m_PrefabInternal: {fileID: 100100000}
  serializedVersion: 4
  m_Component:
  - 4: {fileID: 470920}
  m_Layer: 0
  m_Name: Bip001 Spine
  m_TagString: Untagged
  m_Icon: {fileID: 0}
  m_NavMeshLayer: 0
  m_StaticEditorFlags: 0
  m_IsActive: 1
--- !u!1 &170922
GameObject:
  m_ObjectHideFlags: 1
  m_PrefabParentObject: {fileID: 0}
  m_PrefabInternal: {fileID: 100100000}
  serializedVersion: 4
  m_Component:
  - 4: {fileID: 470922}
  m_Layer: 0
  m_Name: Bip001 L Hand
  m_TagString: Untagged
  m_Icon: {fileID: 0}
  m_NavMeshLayer: 0
  m_StaticEditorFlags: 0
  m_IsActive: 1
--- !u!1 &170924
GameObject:
  m_ObjectHideFlags: 1
  m_PrefabParentObject: {fileID: 0}
  m_PrefabInternal: {fileID: 100100000}
  serializedVersion: 4
  m_Component:
  - 4: {fileID: 470924}
  m_Layer: 0
  m_Name: Bip001 L Clavicle
  m_TagString: Untagged
  m_Icon: {fileID: 0}
  m_NavMeshLayer: 0
  m_StaticEditorFlags: 0
  m_IsActive: 1
--- !u!1 &170926
GameObject:
  m_ObjectHideFlags: 1
  m_PrefabParentObject: {fileID: 0}
  m_PrefabInternal: {fileID: 100100000}
  serializedVersion: 4
  m_Component:
  - 4: {fileID: 470926}
  m_Layer: 0
  m_Name: Bip001 R UpperArm
  m_TagString: Untagged
  m_Icon: {fileID: 0}
  m_NavMeshLayer: 0
  m_StaticEditorFlags: 0
  m_IsActive: 1
--- !u!1 &170928
GameObject:
  m_ObjectHideFlags: 0
  m_PrefabParentObject: {fileID: 0}
  m_PrefabInternal: {fileID: 100100000}
  serializedVersion: 4
  m_Component:
  - 4: {fileID: 470928}
  m_Layer: 0
  m_Name: Bip001
  m_TagString: Untagged
  m_Icon: {fileID: 0}
  m_NavMeshLayer: 0
  m_StaticEditorFlags: 0
  m_IsActive: 1
--- !u!1 &170930
GameObject:
  m_ObjectHideFlags: 1
  m_PrefabParentObject: {fileID: 0}
  m_PrefabInternal: {fileID: 100100000}
  serializedVersion: 4
  m_Component:
  - 4: {fileID: 470930}
  m_Layer: 0
  m_Name: Bip001 L Finger0
  m_TagString: Untagged
  m_Icon: {fileID: 0}
  m_NavMeshLayer: 0
  m_StaticEditorFlags: 0
  m_IsActive: 1
--- !u!1 &170932
GameObject:
  m_ObjectHideFlags: 1
  m_PrefabParentObject: {fileID: 0}
  m_PrefabInternal: {fileID: 100100000}
  serializedVersion: 4
  m_Component:
  - 4: {fileID: 470932}
  m_Layer: 0
  m_Name: Bip001 R Thigh
  m_TagString: Untagged
  m_Icon: {fileID: 0}
  m_NavMeshLayer: 0
  m_StaticEditorFlags: 0
  m_IsActive: 1
--- !u!1 &170934
GameObject:
  m_ObjectHideFlags: 1
  m_PrefabParentObject: {fileID: 0}
  m_PrefabInternal: {fileID: 100100000}
  serializedVersion: 4
  m_Component:
  - 4: {fileID: 470934}
  m_Layer: 0
  m_Name: Bip001 L Foot
  m_TagString: Untagged
  m_Icon: {fileID: 0}
  m_NavMeshLayer: 0
  m_StaticEditorFlags: 0
  m_IsActive: 1
--- !u!1 &170936
GameObject:
  m_ObjectHideFlags: 0
  m_PrefabParentObject: {fileID: 0}
  m_PrefabInternal: {fileID: 100100000}
  serializedVersion: 4
  m_Component:
  - 4: {fileID: 470936}
  - 137: {fileID: 13770958}
  m_Layer: 0
  m_Name: Skeleton
  m_TagString: Untagged
  m_Icon: {fileID: 0}
  m_NavMeshLayer: 0
  m_StaticEditorFlags: 0
  m_IsActive: 1
--- !u!1 &170938
GameObject:
  m_ObjectHideFlags: 1
  m_PrefabParentObject: {fileID: 0}
  m_PrefabInternal: {fileID: 100100000}
  serializedVersion: 4
  m_Component:
  - 4: {fileID: 470938}
  m_Layer: 0
  m_Name: Bip001 L Forearm
  m_TagString: Untagged
  m_Icon: {fileID: 0}
  m_NavMeshLayer: 0
  m_StaticEditorFlags: 0
  m_IsActive: 1
--- !u!1 &170940
GameObject:
  m_ObjectHideFlags: 1
  m_PrefabParentObject: {fileID: 0}
  m_PrefabInternal: {fileID: 100100000}
  serializedVersion: 4
  m_Component:
  - 4: {fileID: 470940}
  m_Layer: 0
  m_Name: Bip001 R Clavicle
  m_TagString: Untagged
  m_Icon: {fileID: 0}
  m_NavMeshLayer: 0
  m_StaticEditorFlags: 0
  m_IsActive: 1
--- !u!1 &170942
GameObject:
  m_ObjectHideFlags: 1
  m_PrefabParentObject: {fileID: 0}
  m_PrefabInternal: {fileID: 100100000}
  serializedVersion: 4
  m_Component:
  - 4: {fileID: 470942}
  m_Layer: 0
  m_Name: Bip001 L UpperArm
  m_TagString: Untagged
  m_Icon: {fileID: 0}
  m_NavMeshLayer: 0
  m_StaticEditorFlags: 0
  m_IsActive: 1
--- !u!1 &170944
GameObject:
  m_ObjectHideFlags: 1
  m_PrefabParentObject: {fileID: 0}
  m_PrefabInternal: {fileID: 100100000}
  serializedVersion: 4
  m_Component:
  - 4: {fileID: 470944}
  m_Layer: 0
  m_Name: Bip001 L Thigh
  m_TagString: Untagged
  m_Icon: {fileID: 0}
  m_NavMeshLayer: 0
  m_StaticEditorFlags: 0
  m_IsActive: 1
--- !u!1 &170946
GameObject:
  m_ObjectHideFlags: 1
  m_PrefabParentObject: {fileID: 0}
  m_PrefabInternal: {fileID: 100100000}
  serializedVersion: 4
  m_Component:
  - 4: {fileID: 470946}
  m_Layer: 0
  m_Name: Bip001 Neck
  m_TagString: Untagged
  m_Icon: {fileID: 0}
  m_NavMeshLayer: 0
  m_StaticEditorFlags: 0
  m_IsActive: 1
--- !u!1 &170948
GameObject:
  m_ObjectHideFlags: 1
  m_PrefabParentObject: {fileID: 0}
  m_PrefabInternal: {fileID: 100100000}
  serializedVersion: 4
  m_Component:
  - 4: {fileID: 470948}
  m_Layer: 0
  m_Name: Bip001 Head
  m_TagString: Untagged
  m_Icon: {fileID: 0}
  m_NavMeshLayer: 0
  m_StaticEditorFlags: 0
  m_IsActive: 1
--- !u!1 &170950
GameObject:
  m_ObjectHideFlags: 1
  m_PrefabParentObject: {fileID: 0}
  m_PrefabInternal: {fileID: 100100000}
  serializedVersion: 4
  m_Component:
  - 4: {fileID: 470950}
  m_Layer: 0
  m_Name: Bip001 L Calf
  m_TagString: Untagged
  m_Icon: {fileID: 0}
  m_NavMeshLayer: 0
  m_StaticEditorFlags: 0
  m_IsActive: 1
--- !u!1 &170952
GameObject:
  m_ObjectHideFlags: 1
  m_PrefabParentObject: {fileID: 0}
  m_PrefabInternal: {fileID: 100100000}
  serializedVersion: 4
  m_Component:
  - 4: {fileID: 470952}
  m_Layer: 0
  m_Name: Bip001 R Toe0
  m_TagString: Untagged
  m_Icon: {fileID: 0}
  m_NavMeshLayer: 0
  m_StaticEditorFlags: 0
  m_IsActive: 1
--- !u!1 &170954
GameObject:
  m_ObjectHideFlags: 1
  m_PrefabParentObject: {fileID: 0}
  m_PrefabInternal: {fileID: 100100000}
  serializedVersion: 4
  m_Component:
  - 4: {fileID: 470954}
  m_Layer: 0
  m_Name: Bip001 R Forearm
  m_TagString: Untagged
  m_Icon: {fileID: 0}
  m_NavMeshLayer: 0
  m_StaticEditorFlags: 0
  m_IsActive: 1
--- !u!1 &170956
GameObject:
  m_ObjectHideFlags: 1
  m_PrefabParentObject: {fileID: 0}
  m_PrefabInternal: {fileID: 100100000}
  serializedVersion: 4
  m_Component:
  - 4: {fileID: 470956}
  m_Layer: 0
  m_Name: Bip001 Pelvis
  m_TagString: Untagged
  m_Icon: {fileID: 0}
  m_NavMeshLayer: 0
  m_StaticEditorFlags: 0
  m_IsActive: 1
--- !u!1 &170958
GameObject:
  m_ObjectHideFlags: 1
  m_PrefabParentObject: {fileID: 0}
  m_PrefabInternal: {fileID: 100100000}
  serializedVersion: 4
  m_Component:
  - 4: {fileID: 470958}
  m_Layer: 0
  m_Name: Bip001 R Finger0
  m_TagString: Untagged
  m_Icon: {fileID: 0}
  m_NavMeshLayer: 0
  m_StaticEditorFlags: 0
  m_IsActive: 1
--- !u!4 &470910
Transform:
  m_ObjectHideFlags: 1
  m_PrefabParentObject: {fileID: 0}
  m_PrefabInternal: {fileID: 100100000}
  m_GameObject: {fileID: 170910}
  m_LocalRotation: {x: 0, y: 0, z: 0, w: 1}
  m_LocalPosition: {x: 0, y: 0, z: 0}
  m_LocalScale: {x: 5, y: 5, z: 5}
  m_Children:
  - {fileID: 470928}
  - {fileID: 470936}
  m_Father: {fileID: 0}
  m_RootOrder: 0
--- !u!4 &470912
Transform:
  m_ObjectHideFlags: 1
  m_PrefabParentObject: {fileID: 0}
  m_PrefabInternal: {fileID: 100100000}
  m_GameObject: {fileID: 170912}
  m_LocalRotation: {x: 9.26669796e-10, y: 9.29771121e-11, z: .099833414, w: .995004177}
  m_LocalPosition: {x: -.057884492, y: -1.19209287e-09, z: 0}
  m_LocalScale: {x: 1.00000012, y: 1, z: 1}
  m_Children:
  - {fileID: 470914}
  m_Father: {fileID: 470932}
  m_RootOrder: 0
--- !u!4 &470914
Transform:
  m_ObjectHideFlags: 1
  m_PrefabParentObject: {fileID: 0}
  m_PrefabInternal: {fileID: 100100000}
  m_GameObject: {fileID: 170914}
  m_LocalRotation: {x: .00651839841, y: .043129541, z: -.0499315783, w: .997799695}
  m_LocalPosition: {x: -.0454389639, y: 2.38418574e-09, z: -2.38418574e-09}
  m_LocalScale: {x: 1, y: .999999821, z: .99999994}
  m_Children:
  - {fileID: 470952}
  m_Father: {fileID: 470912}
  m_RootOrder: 0
--- !u!4 &470916
Transform:
  m_ObjectHideFlags: 1
  m_PrefabParentObject: {fileID: 0}
  m_PrefabInternal: {fileID: 100100000}
  m_GameObject: {fileID: 170916}
  m_LocalRotation: {x: .706825256, y: 1.05409068e-08, z: -1.05325171e-08, w: .707388282}
  m_LocalPosition: {x: -.0335769132, y: -2.38418574e-09, z: 0}
  m_LocalScale: {x: 1, y: 1.00000012, z: 1.00000012}
  m_Children:
  - {fileID: 470958}
  m_Father: {fileID: 470954}
  m_RootOrder: 0
--- !u!4 &470918
Transform:
  m_ObjectHideFlags: 1
  m_PrefabParentObject: {fileID: 0}
  m_PrefabInternal: {fileID: 100100000}
  m_GameObject: {fileID: 170918}
  m_LocalRotation: {x: -1.54543098e-08, y: 1.54543098e-08, z: -.707106829, w: .707106829}
  m_LocalPosition: {x: -.0263162628, y: .0338679217, z: 0}
  m_LocalScale: {x: .99999994, y: 1, z: .99999994}
  m_Children: []
  m_Father: {fileID: 470934}
  m_RootOrder: 0
--- !u!4 &470920
Transform:
  m_ObjectHideFlags: 1
  m_PrefabParentObject: {fileID: 0}
  m_PrefabInternal: {fileID: 100100000}
  m_GameObject: {fileID: 170920}
  m_LocalRotation: {x: -2.08047595e-06, y: 6.93675986e-07, z: -.000398158998, w: .99999994}
  m_LocalPosition: {x: -.0263162982, y: -6.09517083e-05, z: 3.6579948e-08}
  m_LocalScale: {x: 1, y: .99999994, z: .99999994}
  m_Children:
  - {fileID: 470944}
  - {fileID: 470946}
  - {fileID: 470932}
  m_Father: {fileID: 470956}
  m_RootOrder: 0
--- !u!4 &470922
Transform:
  m_ObjectHideFlags: 1
  m_PrefabParentObject: {fileID: 0}
  m_PrefabInternal: {fileID: 100100000}
  m_GameObject: {fileID: 170922}
  m_LocalRotation: {x: -.706825256, y: -1.05409068e-08, z: -1.05325171e-08, w: .707388282}
  m_LocalPosition: {x: -.0335769057, y: 4.76837148e-09, z: 1.90734859e-08}
  m_LocalScale: {x: 1, y: .99999994, z: 1}
  m_Children:
  - {fileID: 470930}
  m_Father: {fileID: 470938}
  m_RootOrder: 0
--- !u!4 &470924
Transform:
  m_ObjectHideFlags: 1
  m_PrefabParentObject: {fileID: 0}
  m_PrefabInternal: {fileID: 100100000}
  m_GameObject: {fileID: 170924}
  m_LocalRotation: {x: .707106769, y: .000281540968, z: -.707106769, w: .000281540968}
  m_LocalPosition: {x: .0164825823, y: 2.67648684e-05, z: .00800930336}
  m_LocalScale: {x: 1, y: 1, z: 1}
  m_Children:
  - {fileID: 470942}
  m_Father: {fileID: 470946}
  m_RootOrder: 1
--- !u!4 &470926
Transform:
  m_ObjectHideFlags: 1
  m_PrefabParentObject: {fileID: 0}
  m_PrefabInternal: {fileID: 100100000}
  m_GameObject: {fileID: 170926}
  m_LocalRotation: {x: -.0194193982, y: .294259429, z: -.0460516624, w: .954417884}
  m_LocalPosition: {x: -.0360147916, y: 0, z: 0}
  m_LocalScale: {x: .999999881, y: 1, z: .99999994}
  m_Children:
  - {fileID: 470954}
  m_Father: {fileID: 470940}
  m_RootOrder: 0
--- !u!4 &470928
Transform:
  m_ObjectHideFlags: 1
  m_PrefabParentObject: {fileID: 0}
  m_PrefabInternal: {fileID: 100100000}
  m_GameObject: {fileID: 170928}
  m_LocalRotation: {x: -.5, y: .5, z: .5, w: .5}
  m_LocalPosition: {x: 0, y: .131914943, z: -.0220568739}
  m_LocalScale: {x: .99999994, y: .99999994, z: 1}
  m_Children:
  - {fileID: 470956}
  m_Father: {fileID: 470910}
  m_RootOrder: 0
--- !u!4 &470930
Transform:
  m_ObjectHideFlags: 1
  m_PrefabParentObject: {fileID: 0}
  m_PrefabInternal: {fileID: 100100000}
  m_GameObject: {fileID: 170930}
  m_LocalRotation: {x: -.000398155331, y: -6.51925758e-09, z: -2.59567736e-12, w: .99999994}
  m_LocalPosition: {x: -.0611573867, y: 0, z: -4.76837148e-09}
  m_LocalScale: {x: 1, y: 1, z: 1.00000012}
  m_Children: []
  m_Father: {fileID: 470922}
  m_RootOrder: 0
--- !u!4 &470932
Transform:
  m_ObjectHideFlags: 1
  m_PrefabParentObject: {fileID: 0}
  m_PrefabInternal: {fileID: 100100000}
  m_GameObject: {fileID: 170932}
  m_LocalRotation: {x: -.0503288247, y: .997779727, z: .00219879206, w: .043564029}
  m_LocalPosition: {x: .0263162423, y: 8.20183704e-05, z: -.0388236865}
  m_LocalScale: {x: .999999881, y: 1.00000012, z: 1.00000012}
  m_Children:
  - {fileID: 470912}
  m_Father: {fileID: 470920}
  m_RootOrder: 2
--- !u!4 &470934
Transform:
  m_ObjectHideFlags: 1
  m_PrefabParentObject: {fileID: 0}
  m_PrefabInternal: {fileID: 100100000}
  m_GameObject: {fileID: 170934}
  m_LocalRotation: {x: -.00651840353, y: -.0431296267, z: -.0499315858, w: .997799695}
  m_LocalPosition: {x: -.0454389639, y: 2.38418574e-09, z: -2.38418574e-09}
  m_LocalScale: {x: 1.00000012, y: 1, z: 1.00000012}
  m_Children:
  - {fileID: 470918}
  m_Father: {fileID: 470950}
  m_RootOrder: 0
--- !u!4 &470936
Transform:
  m_ObjectHideFlags: 1
  m_PrefabParentObject: {fileID: 0}
  m_PrefabInternal: {fileID: 100100000}
  m_GameObject: {fileID: 170936}
  m_LocalRotation: {x: -.707106829, y: 0, z: -0, w: .707106829}
  m_LocalPosition: {x: 0, y: 0, z: 0}
  m_LocalScale: {x: 1, y: 1, z: 1}
  m_Children: []
  m_Father: {fileID: 470910}
  m_RootOrder: 1
--- !u!4 &470938
Transform:
  m_ObjectHideFlags: 1
  m_PrefabParentObject: {fileID: 0}
  m_PrefabInternal: {fileID: 100100000}
  m_GameObject: {fileID: 170938}
  m_LocalRotation: {x: -5.19431342e-09, y: 1.4454808e-08, z: .0998334214, w: .995004177}
  m_LocalPosition: {x: -.059794452, y: 0, z: 0}
  m_LocalScale: {x: 1.00000012, y: .99999994, z: 1.00000012}
  m_Children:
  - {fileID: 470922}
  m_Father: {fileID: 470942}
  m_RootOrder: 0
--- !u!4 &470940
Transform:
  m_ObjectHideFlags: 1
  m_PrefabParentObject: {fileID: 0}
  m_PrefabInternal: {fileID: 100100000}
  m_GameObject: {fileID: 170940}
  m_LocalRotation: {x: .707106769, y: .000281540968, z: .707106769, w: -.000281540968}
  m_LocalPosition: {x: .0164825823, y: 2.68125532e-05, z: -.00800930336}
  m_LocalScale: {x: 1, y: 1, z: 1}
  m_Children:
  - {fileID: 470926}
  m_Father: {fileID: 470946}
  m_RootOrder: 2
--- !u!4 &470942
Transform:
  m_ObjectHideFlags: 1
  m_PrefabParentObject: {fileID: 0}
  m_PrefabInternal: {fileID: 100100000}
  m_GameObject: {fileID: 170942}
  m_LocalRotation: {x: .0194193982, y: -.294259429, z: -.0460516624, w: .954417884}
  m_LocalPosition: {x: -.0360147879, y: 0, z: 0}
  m_LocalScale: {x: .999999881, y: 1, z: .99999994}
  m_Children:
  - {fileID: 470938}
  m_Father: {fileID: 470924}
  m_RootOrder: 0
--- !u!4 &470944
Transform:
  m_ObjectHideFlags: 1
  m_PrefabParentObject: {fileID: 0}
  m_PrefabInternal: {fileID: 100100000}
  m_GameObject: {fileID: 170944}
  m_LocalRotation: {x: -.0503289439, y: .997779727, z: -.00219602021, w: -.0435639806}
  m_LocalPosition: {x: .0263162423, y: 8.18037952e-05, z: .0388236865}
  m_LocalScale: {x: .99999994, y: 1.00000012, z: 1.00000012}
  m_Children:
  - {fileID: 470950}
  m_Father: {fileID: 470920}
  m_RootOrder: 0
--- !u!4 &470946
Transform:
  m_ObjectHideFlags: 1
  m_PrefabParentObject: {fileID: 0}
  m_PrefabInternal: {fileID: 100100000}
  m_GameObject: {fileID: 170946}
  m_LocalRotation: {x: -3.01176727e-14, y: 0, z: -0, w: 1}
  m_LocalPosition: {x: -.0930381194, y: -2.67910946e-05, z: -7.43079903e-11}
  m_LocalScale: {x: 1, y: 1, z: 1}
  m_Children:
  - {fileID: 470948}
  - {fileID: 470924}
  - {fileID: 470940}
  m_Father: {fileID: 470920}
  m_RootOrder: 1
--- !u!4 &470948
Transform:
  m_ObjectHideFlags: 1
  m_PrefabParentObject: {fileID: 0}
  m_PrefabInternal: {fileID: 100100000}
  m_GameObject: {fileID: 170948}
  m_LocalRotation: {x: -7.26559993e-14, y: -1.10427334e-09, z: .000398830569, w: .99999994}
  m_LocalPosition: {x: -.0101559442, y: 5.57899466e-06, z: 1.54750518e-11}
  m_LocalScale: {x: 1, y: 1, z: 1}
  m_Children: []
  m_Father: {fileID: 470946}
  m_RootOrder: 0
--- !u!4 &470950
Transform:
  m_ObjectHideFlags: 1
  m_PrefabParentObject: {fileID: 0}
  m_PrefabInternal: {fileID: 100100000}
  m_GameObject: {fileID: 170950}
  m_LocalRotation: {x: -9.14264844e-11, y: -3.75316755e-09, z: .099833414, w: .995004177}
  m_LocalPosition: {x: -.057884492, y: 1.19209287e-09, z: 2.38418574e-09}
  m_LocalScale: {x: 1.00000012, y: 1, z: 1}
  m_Children:
  - {fileID: 470934}
  m_Father: {fileID: 470944}
  m_RootOrder: 0
--- !u!4 &470952
Transform:
  m_ObjectHideFlags: 1
  m_PrefabParentObject: {fileID: 0}
  m_PrefabInternal: {fileID: 100100000}
  m_GameObject: {fileID: 170952}
  m_LocalRotation: {x: 1.54543116e-08, y: -1.54543116e-08, z: -.707106829, w: .707106829}
  m_LocalPosition: {x: -.0263162628, y: .0338679217, z: 0}
  m_LocalScale: {x: .99999994, y: 1, z: .99999994}
  m_Children: []
  m_Father: {fileID: 470914}
  m_RootOrder: 0
--- !u!4 &470954
Transform:
  m_ObjectHideFlags: 1
  m_PrefabParentObject: {fileID: 0}
  m_PrefabInternal: {fileID: 100100000}
  m_GameObject: {fileID: 170954}
  m_LocalRotation: {x: 5.19431298e-09, y: -1.44548062e-08, z: .099833414, w: .995004177}
  m_LocalPosition: {x: -.0597944669, y: 0, z: 0}
  m_LocalScale: {x: 1.00000024, y: .99999994, z: 1.00000012}
  m_Children:
  - {fileID: 470916}
  m_Father: {fileID: 470926}
  m_RootOrder: 0
--- !u!4 &470956
Transform:
  m_ObjectHideFlags: 1
  m_PrefabParentObject: {fileID: 0}
  m_PrefabInternal: {fileID: 100100000}
  m_GameObject: {fileID: 170956}
  m_LocalRotation: {x: -.499999642, y: .500000358, z: .499999642, w: .500000358}
  m_LocalPosition: {x: -0, y: 0, z: 0}
  m_LocalScale: {x: 1, y: .99999994, z: .99999994}
  m_Children:
  - {fileID: 470920}
  m_Father: {fileID: 470928}
  m_RootOrder: 0
--- !u!4 &470958
Transform:
  m_ObjectHideFlags: 1
  m_PrefabParentObject: {fileID: 0}
  m_PrefabInternal: {fileID: 100100000}
  m_GameObject: {fileID: 170958}
  m_LocalRotation: {x: .000398160948, y: 9.25389432e-10, z: -1.49015307e-08, w: .99999994}
  m_LocalPosition: {x: -.0611573681, y: 0, z: -4.76837148e-09}
  m_LocalScale: {x: 1, y: .999999881, z: .99999994}
  m_Children: []
  m_Father: {fileID: 470916}
  m_RootOrder: 0
--- !u!95 &9570958
Animator:
  serializedVersion: 3
  m_ObjectHideFlags: 1
  m_PrefabParentObject: {fileID: 0}
  m_PrefabInternal: {fileID: 100100000}
  m_GameObject: {fileID: 170910}
  m_Enabled: 1
  m_Avatar: {fileID: 9000000, guid: 3f0237ed274b2cb45896b322868cb730, type: 3}
  m_Controller: {fileID: 9100000, guid: 48156075990698a479ff68a854045b4b, type: 2}
  m_CullingMode: 1
  m_UpdateMode: 0
  m_ApplyRootMotion: 0
  m_HasTransformHierarchy: 1
  m_AllowConstantClipSamplingOptimization: 1
--- !u!137 &13770958
SkinnedMeshRenderer:
  m_ObjectHideFlags: 1
  m_PrefabParentObject: {fileID: 0}
  m_PrefabInternal: {fileID: 100100000}
  m_GameObject: {fileID: 170936}
  m_Enabled: 1
  m_CastShadows: 1
  m_ReceiveShadows: 1
  m_LightmapIndex: 255
  m_LightmapTilingOffset: {x: 1, y: 1, z: 0, w: 0}
  m_Materials:
  - {fileID: 2100000, guid: a67ddbdc1b3e57548a813a4d4f062e3c, type: 2}
  m_SubsetIndices: 
  m_StaticBatchRoot: {fileID: 0}
  m_UseLightProbes: 0
  m_LightProbeAnchor: {fileID: 0}
  m_ScaleInLightmap: 1
  m_SortingLayerID: 0
  m_SortingOrder: 0
  serializedVersion: 2
  m_Quality: 0
  m_UpdateWhenOffscreen: 0
  m_Mesh: {fileID: 4300000, guid: 3f0237ed274b2cb45896b322868cb730, type: 3}
  m_Bones:
  - {fileID: 470920}
  - {fileID: 470948}
  - {fileID: 470922}
  - {fileID: 470928}
  - {fileID: 470956}
  - {fileID: 470944}
  - {fileID: 470924}
  - {fileID: 470942}
  - {fileID: 470940}
  - {fileID: 470938}
  - {fileID: 470946}
  - {fileID: 470950}
  - {fileID: 470934}
  - {fileID: 470914}
  - {fileID: 470912}
  - {fileID: 470932}
  - {fileID: 470916}
  - {fileID: 470954}
  - {fileID: 470926}
  m_BlendShapeWeights: []
  m_RootBone: {fileID: 470928}
  m_AABB:
    m_Center: {x: -.0220567621, y: 5.96046448e-08, z: .107959084}
    m_Extent: {x: .123339519, y: .189879775, z: .236127675}
  m_DirtyAABB: 0
--- !u!1001 &100100000
Prefab:
  m_ObjectHideFlags: 1
  serializedVersion: 2
  m_Modification:
    m_TransformParent: {fileID: 0}
    m_Modifications: []
    m_RemovedComponents: []
  m_ParentPrefab: {fileID: 0}
  m_RootGameObject: {fileID: 170910}
  m_IsPrefabParent: 1
  m_IsExploded: 1
